@Article{Oli16,
	author 	= { Oliveira, G. N. AND Sotomayor, J. L. AND Silva, C. T. AND Comba, J. L.},
	title 	= { Visual analysis of bike-sharing systems },
	journal = { Computers \& Graphics},
	year 	= 2016,
	volume	= 60,
	pages	= {119-129},
	publisher={Elsevier}
}

@Article{Ali14,
	author 	= { Alicia, Bargar AND Amrita, Gupta AND Srishti, Gupta AND Ding, Ma },
	title	= { Interactive Visual Analytics for Multi-City Bikeshare Data Analysis },
	journal	= { UrbComp2014 },
	year	= { 2014 },
	note	= { Georgia Institute of Technology Atlanta, GA, USA }
}

@article{BC16,
	title	= { Le modèle DFM pour une analyse comparative des systèmes de vélos en libre service },
  	author	= { Bouveyron, Charles and C{\^o}me, Etienne and Jacques, Julien },
  	journal	= { 48e Journées de Statistique },
	year	= { 2016 },
	month 	= { Novembre }
}

@Misc{BSM17,
  	author			= { Bike Share Map },
	title			= { Bike Share Map },
  	howpublished	= "\url{http://bikes.oobrien.com/global.php#zoom=3&lon=-60.0000&lat=25.0000}",
	year			= { 2017 },
	note			= { [Accessed Janvier 2017]}
}

@Misc{BW,
  	author			= { Ben Wellington },
	title			= { Mapping Citi Bike’s Riders, Not Just Rides },
  	howpublished	= "\url{ http://iquantny.tumblr.com/post/81465368612/mapping-citi-bikes-riders-not-just-rides }",
	year			= { 2014 },
	note			= { [Accessed Janvier 2017]}
}